@article{BAD,
author = {G. J. Ackland and A. P. Jones},
collaboration = {},
title = {Applications of local crystal structure measures in experiment and simulation},
publisher = {APS},
year = {2006},
journal = {Physical Review B (Condensed Matter and Materials Physics)},
volume = {73},
number = {5},
eid = {054104},
numpages = {7},
pages = {054104},
keywords = {colloidal crystals; suspensions; dislocations; crystal structure; molecular dynamics method; martensitic transformations},
url = {http://link.aps.org/abstract/PRB/v73/e054104},
doi = {10.1103/PhysRevB.73.054104}
}

@article{Begau2011934,
title = "Atomistic processes of dislocation generation and plastic deformation during nanoindentation",
journal = "Acta Materialia",
volume = "59",
number = "3",
pages = "934 - 942",
year = "2011",
note = "",
issn = "1359-6454",
doi = "DOI: 10.1016/j.actamat.2010.10.016",
url = "http://www.sciencedirect.com/science/article/B6TW8-51FVCM0-1/2/8066189e3c2ccd7c760afb061fed837e",
author = "C. Begau and A. Hartmaier and E.P. George and G.M. Pharr",
keywords = "Dislocations",
keywords = "Molecular dynamics simulations",
keywords = "Nanoindentation",
keywords = "Cu single crystal",
keywords = "Dislocation analysis"
}

@article{Begau2012,
	title = "A novel approach to study dislocation density tensors and lattice rotation patterns in atomistic simulations",
  journal = "J. Mech. Phys. Solids",
volume = "60",
number = "4",
pages = "711-722",
year = "2012",
issn = "0022-5096",
doi = "10.1016/j.jmps.2011.12.005",
url = "http://www.sciencedirect.com/science/article/pii/S0022509611002389",
author = "C. Begau and J. Hua and A. Hartmaier",
}

@article{NyeTensor,
    author = {Hartley, C. S. and Mishin, Y.},
    journal = {Acta Metall.},
    pages = {1313--1321},
    title = {Characterization and visualization of the lattice misfit associated with dislocation cores},
    volume = {53},
    year = {2005}
}
@article{NyeTensor2,
  title = {Representation of dislocation cores using Nye tensor distributions},
  journal = {Materials Science and Engineering A},
  volume = {400-401},
  number = {},
  pages = {18 - 21},
  year = {2005},
  note = {Dislocations 2004},
  issn = {0921-5093},
  doi = {10.1016/j.msea.2005.03.076},
  url = {http://www.sciencedirect.com/science/article/B6TXD-4G65V9X-8/2/5bf030340b18f1531272aa2f83ffe60e},
  author = {Hartley, C. S. and Mishin, Y.},
}